%General papers related to VST and CertiGraph

@inproceedings{leroy:compcert,
  author    = {Xavier Leroy},
  title     = {Formal certification of a compiler back-end or: programming a compiler
               with a proof assistant},
  booktitle = {Proceedings of the 33rd {ACM} {SIGPLAN-SIGACT} Symposium on Principles
               of Programming Languages, {POPL} 2006, Charleston, South Carolina,
               USA, January 11-13, 2006},
  pages     = {42--54},
  year      = {2006},
}

@article{DBLP:journals/pacmpl/WangCMH19,
  author    = {Shengyi Wang and
               Qinxiang Cao and
               Anshuman Mohan and
               Aquinas Hobor},
  title     = {Certifying graph-manipulating {C} programs via localizations within
               data structures},
  journal   = {{PACMPL}},
  volume    = {3},
  number    = {{OOPSLA}},
  pages     = {171:1--171:30},
  year      = {2019},
  url       = {https://doi.org/10.1145/3360597},
  doi       = {10.1145/3360597},
  timestamp = {Mon, 21 Oct 2019 15:15:21 +0200},
  biburl    = {https://dblp.org/rec/bib/journals/pacmpl/WangCMH19},
  bibsource = {dblp computer science bibliography, https://dblp.org}
}

@inproceedings{6200101,
author={T. {Liu} and M. {Nagel} and M. {Taghdiri}},
booktitle={2012 IEEE Fifth International Conference on Software Testing, Verification and Validation},
title={{Bounded Program Verification Using an SMT Solver: A Case Study}},
year={2012},
volume={},
number={},
pages={101-110},
keywords={computability;constraint handling;formal specification;graph theory;Java;object-oriented programming;program verification;SMT solver;bounded program verification;modular checking;object-oriented code;program specification;data-structure-rich program;propositional logic;SAT solver;bounded Java program;JML specification;quantified bit-vector formula;QBVF;logical constraint;high-level reasoning;Dijkstra shortest path algorithm;SAT-based approach;Arrays;Java;Indexes;Resource management;Encoding;Reactive power;Null value;Bounded verification;Scope-bounded checking;SMT;Quantified bit-vector;JML;Dijkstra shortest path},
doi={10.1109/ICST.2012.90},
ISSN={2159-4848},
month={April},
}

@misc{coq,
title={The {C}oq proof assistant},
author={{C}oq development team},
url={https://coq.inria.fr/}, journal={The Coq Proof Assistant}}

@inproceedings{hobor:ramification,
  author    = {Aquinas Hobor and
               Jules Villard},
  title     = {The ramifications of sharing in data structures},
  booktitle = {Proceedings of the 40th Annual ACM SIGPLAN-SIGACT Symposium on Principles of Programming Languages (POPL'13)},
  year      = {2013},
  pages     = {523-536},
  ee        = {http://doi.acm.org/10.1145/2429069.2429131},
  bibsource = {DBLP, http://dblp.uni-trier.de}
}

@inproceedings{DBLP:conf/iwmm/AppelN20,
  author    = {Andrew W. Appel and
               David A. Naumann},
  editor    = {Chen Ding and
               Martin Maas},
  title     = {Verified sequential Malloc/Free},
  booktitle = {{ISMM} '20: 2020 {ACM} {SIGPLAN} International Symposium on Memory
               Management, {ISMM} 2020, virtual [London, UK], June 16, 2020},
  pages     = {48--59},
  publisher = {{ACM}},
  year      = {2020},
  url       = {https://doi.org/10.1145/3381898.3397211},
  doi       = {10.1145/3381898.3397211},
  timestamp = {Mon, 06 Jul 2020 16:02:58 +0200},
  biburl    = {https://dblp.org/rec/conf/iwmm/AppelN20.bib},
  bibsource = {dblp computer science bibliography, https://dblp.org}
}

@inproceedings{DBLP:conf/esop/KrishnaSW20,
  author    = {Siddharth Krishna and
               Alexander J. Summers and
               Thomas Wies},
  editor    = {Peter M{\"{u}}ller},
  title     = {Local Reasoning for Global Graph Properties},
  booktitle = {Programming Languages and Systems - 29th European Symposium on Programming,
               {ESOP} 2020, Held as Part of the European Joint Conferences on Theory
               and Practice of Software, {ETAPS} 2020, Dublin, Ireland, April 25-30,
               2020, Proceedings},
  series    = {Lecture Notes in Computer Science},
  volume    = {12075},
  pages     = {308--335},
  publisher = {Springer},
  year      = {2020},
  url       = {https://doi.org/10.1007/978-3-030-44914-8\_12},
  doi       = {10.1007/978-3-030-44914-8\_12},
  timestamp = {Mon, 20 Apr 2020 16:36:31 +0200},
  biburl    = {https://dblp.org/rec/conf/esop/KrishnaSW20.bib},
  bibsource = {dblp computer science bibliography, https://dblp.org}
}

%Djikstra-related

@article{backhouse,
  title={{Regular Algebra Applied to Path-Finding Problems}},
  author={Backhouse, R.C. and Carr\'e, B.A.},
  year={1975},
  journal={J.Inst.Maths.Applics (1975) 15},
  pages={161--186}
}

@article{DBLP:journals/jacm/Tarjan81a,
  author    = {Robert Endre Tarjan},
  title     = {A Unified Approach to Path Problems},
  journal   = {J. {ACM}},
  volume    = {28},
  number    = {3},
  pages     = {577--593},
  year      = {1981},
  url       = {https://doi.org/10.1145/322261.322272},
  doi       = {10.1145/322261.322272},
  timestamp = {Tue, 06 Nov 2018 12:51:46 +0100},
  biburl    = {https://dblp.org/rec/bib/journals/jacm/Tarjan81a},
  bibsource = {dblp computer science bibliography, https://dblp.org}
}

@inproceedings{dolan2013fun,
  title={Fun with semirings: a functional pearl on the abuse of linear algebra},
  author={Dolan, Stephen},
  booktitle={Proceedings of the 18th ACM SIGPLAN international conference on Functional programming},
  pages={101--110},
  year={2013}
}

@article{krishna2017go,
  title={Go with the flow: compositional abstractions for concurrent data structures},
  author={Krishna, Siddharth and Shasha, Dennis and Wies, Thomas},
  journal={Proceedings of the ACM on Programming Languages},
  volume={2},
  number={POPL},
  pages={1--31},
  year={2017},
  publisher={ACM New York, NY, USA}
}

@article{mange2007verifying,
  title={{Verifying Dijkstra’s Algorithm in Jahob}},
  author={Mange, Robin and Kuhn, Jonathan},
  note={Student project},
  year={2007}
}

@article{klasen2010verifying,
  title={{Verifying Dijkstra's Algorithm with KeY}},
  journal={Diploma Thesis},
  author={Klasen, Volker},
  publisher={Universitat Koblenz-Landau},
  year={2010}
}

@article{chen2003dijkstra,
  title={Dijkstra’s shortest path algorithm},
  author={Chen, Jing-Chao},
  journal={Journal of Formalized Mathematics},
  volume={15},
  number={9},
  pages={237--247},
  year={2003},
  publisher={Citeseer}
}

@inproceedings{gordon2003executing,
  title={Executing the formal semantics of the Accellera Property Specification Language by mechanised theorem proving},
  author={Gordon, Mike and Hurd, Joe and Slind, Konrad},
  booktitle={Advanced Research Working Conference on Correct Hardware Design and Verification Methods},
  pages={200--215},
  year={2003},
  organization={Springer}
}

@inproceedings{Moore2005,
author="Moore, J. Strother and Zhang, Qiang",
editor="Hurd, Joe and Melham, Tom",
title={{Proof Pearl: Dijkstra's Shortest Path Algorithm Verified with ACL2}},
booktitle="Theorem Proving in Higher Order Logics",
year="2005",
publisher="Springer Berlin Heidelberg",
address="Berlin, Heidelberg",
pages="373--384",
abstract="We briefly describe a mechanically checked proof of Dijkstra's shortest path algorithm for finite directed graphs with nonnegative edge lengths. The algorithm and proof are formalized in ACL2.",
isbn="978-3-540-31820-0"
}

@article{dijkstra_shortest_path-afp,
  author  = {Benedikt Nordhoff and Peter Lammich},
  title   = {Dijkstra's Shortest Path Algorithm},
  journal = {Archive of Formal Proofs},
  month   = jan,
  year    = 2012,
  note    = {\url{http://isa-afp.org/entries/Dijkstra_Shortest_Path.shtml},
            Formal proof development},
  ISSN    = {2150-914x},
}

@article{DBLP:journals/nm/Dijkstra59,
  author    = {Edsger W. Dijkstra},
  title     = {A note on two problems in connexion with graphs},
  journal   = {Numerische Mathematik},
  volume    = {1},
  pages     = {269--271},
  year      = {1959},
  url       = {https://doi.org/10.1007/BF01386390},
  doi       = {10.1007/BF01386390},
  timestamp = {Mon, 29 Jul 2019 15:59:06 +0200},
  biburl    = {https://dblp.org/rec/bib/journals/nm/Dijkstra59},
  bibsource = {dblp computer science bibliography, https://dblp.org}
}

@article{DBLP:journals/afp/LammichN19,
  author    = {Peter Lammich and
               Tobias Nipkow},
  title     = {Purely Functional, Simple, and Efficient Implementation of Prim and
               Dijkstra},
  journal   = {Arch. Formal Proofs},
  volume    = {2019},
  year      = {2019},
  url       = {https://www.isa-afp.org/entries/Prim\_Dijkstra\_Simple.html},
  timestamp = {Mon, 25 May 2020 09:13:23 +0200},
  biburl    = {https://dblp.org/rec/journals/afp/LammichN19.bib},
  bibsource = {dblp computer science bibliography, https://dblp.org}
}

%Prim-and-Kruskal-related

@article{DBLP:journals/afp/HaslbeckLB19,
  author    = {Maximilian P. L. Haslbeck and
               Peter Lammich and
               Julian Biendarra},
  title     = {Kruskal's Algorithm for Minimum Spanning Forest},
  journal   = {Arch. Formal Proofs},
  volume    = {2019},
  year      = {2019},
  url       = {https://www.isa-afp.org/entries/Kruskal.html},
  timestamp = {Mon, 25 May 2020 09:13:19 +0200},
  biburl    = {https://dblp.org/rec/journals/afp/HaslbeckLB19.bib},
  bibsource = {dblp computer science bibliography, https://dblp.org}
}

@article{DBLP:journals/jlp/Guttmann18,
  author    = {Walter Guttmann},
  title     = {Verifying minimum spanning tree algorithms with Stone relation algebras},
  journal   = {J. Log. Algebraic Methods Program.},
  volume    = {101},
  pages     = {132--150},
  year      = {2018},
  url       = {https://doi.org/10.1016/j.jlamp.2018.09.005},
  doi       = {10.1016/j.jlamp.2018.09.005},
  timestamp = {Sat, 22 Feb 2020 19:18:13 +0100},
  biburl    = {https://dblp.org/rec/journals/jlp/Guttmann18.bib},
  bibsource = {dblp computer science bibliography, https://dblp.org}
}

@inproceedings{DBLP:conf/ictac/Guttmann16,
  author    = {Walter Guttmann},
  editor    = {Augusto Sampaio and
               Farn Wang},
  title     = {Relation-Algebraic Verification of Prim's Minimum Spanning Tree Algorithm},
  booktitle = {Theoretical Aspects of Computing - {ICTAC} 2016 - 13th International
               Colloquium, Taipei, Taiwan, ROC, October 24-31, 2016, Proceedings},
  series    = {Lecture Notes in Computer Science},
  volume    = {9965},
  pages     = {51--68},
  year      = {2016},
  url       = {https://doi.org/10.1007/978-3-319-46750-4\_4},
  doi       = {10.1007/978-3-319-46750-4\_4},
  timestamp = {Tue, 14 May 2019 10:00:38 +0200},
  biburl    = {https://dblp.org/rec/conf/ictac/Guttmann16.bib},
  bibsource = {dblp computer science bibliography, https://dblp.org}
}

%Textbooks

@book{clrs,
  place={Cambridge, MA},
  title={Introduction to algorithms, 3rd edition},
  publisher={MIT Press and McGraw-Hill},
  author={Cormen, Thomas H. and Leiserson, Charles E. and Rivest, Ronald L. and Stein, Clifford S.},
  year={2009}
}

@book{appel:programlogics,
 author = {Appel, Andrew W. and Dockins, Robert and Hobor, Aquinas and Beringer, Lennart and Dodds, Josiah and Stewart, Gordon and Blazy, Sandrine and Leroy, Xavier},
 title = {Program Logics for Certified Compilers},
 year = {2014},
 isbn = {110704801X, 9781107048010},
 publisher = {Cambridge University Press},
 address = {New York, NY, USA},
}

@book{DBLP:books/daglib/0022194,
  author    = {Steven Skiena},
  title     = {The Algorithm Design Manual, Second Edition},
  publisher = {Springer},
  year      = {2008},
  timestamp = {Mon, 15 Jul 2019 16:26:46 +0200},
  biburl    = {https://dblp.org/rec/bib/books/daglib/0022194},
  bibsource = {dblp computer science bibliography, https://dblp.org}
}

@book{rozen,
  title={Discrete Mathematics and Its Applications, 7th Edition},
  publisher={McGraw-Hill},
  author={Kenneth H. Rosen},
  year={2012}
}

@book{DBLP:books/daglib/0022194,
  author    = {Steven Skiena},
  title     = {The Algorithm Design Manual, Second Edition},
  publisher = {Springer},
  year      = {2008},
  timestamp = {Mon, 15 Jul 2019 16:26:46 +0200},
  biburl    = {https://dblp.org/rec/bib/books/daglib/0022194},
  bibsource = {dblp computer science bibliography, https://dblp.org}
}

@book{kepnergilbert,
  title={Graph Algorithms in the Language of Linear Algebra},
  publisher={Society for Industrial and Applied Mathematics},
  author={Kepner, Jeremy; Gilbert, John},
  year={2011}
}

@book{robert2002algorithms,
  title={Algorithms in C},
  author={Robert, Sedgewick},
  year={2002},
  publisher={Reading, MA: Addison-Wesley}
}

@book{heineman2008algorithms,
  title={Algorithms in a Nutshell (In a Nutshell (O’Reilly))},
  author={Heineman, G and Pollice, G and Selkow, S},
  year={2008},
  publisher={O’Reilly Media: Springfield, MO, USA}
}

@misc{robert2002algorithms,
  title={Algorithms in C, Part 5: Graph Algorithms},
  author={Robert, Sedgewick},
  year={2002},
  publisher={Reading, MA: Addison-Wesley}
}

@misc{repo,
title={Codebase}, 
year={2019}, 
url={https://github.com/anshumanmohan/VerifDijkstra}, 
journal={GitHub}, 
author={Anshuman Mohan and Shengyi Wang Aquinas Hobor}}

