@article{tarski:fixpoint,
  author={Alfred Tarski},
  title={A lattice-theoretical fixpoint theorem and its applications},
  journal={Pacific {J}ournal of {M}athematics},
  volume={5},
  pages={285--309},
  year={1955}
}

@InProceedings{floydlogic,
  author =       {Robert W. Floyd},
  title =        {Assigning meanings to programs},
  booktitle =    {Proceedings of the Symposium on Applied Mathematics},
  volume =       {19},
  pages =        {19--32},
  year =         {1967},
  editor =       {J. T. Schwartz},
  publisher =    {AMS},
}

@inproceedings{leroy:compcert,
  author    = {Xavier Leroy},
  title     = {Formal certification of a compiler back-end or: programming a compiler
               with a proof assistant},
  booktitle = {Proceedings of the 33rd {ACM} {SIGPLAN-SIGACT} Symposium on Principles
               of Programming Languages, {POPL} 2006, Charleston, South Carolina,
               USA, January 11-13, 2006},
  pages     = {42--54},
  year      = {2006},
}

@article{blazy:clight,
  author    = {Sandrine Blazy and
               Xavier Leroy},
  title     = {Mechanized Semantics for the Clight Subset of the {C} Language},
  journal   = {J. Autom. Reasoning},
  volume    = {43},
  number    = {3},
  pages     = {263--288},
  year      = {2009},
}

@inproceedings{bengtson:charge,
  author    = {Jesper Bengtson and
               Jonas Braband Jensen and
               Lars Birkedal},
  title     = {Charge! - {A} Framework for Higher-Order Separation Logic in Coq},
  booktitle = {Interactive Theorem Proving - Third International Conference, {ITP}
               2012, Princeton, NJ, USA, August 13-15, 2012. Proceedings},
  pages     = {315--331},
  year      = {2012},
}

@inproceedings{rey02,
  author    = {John C. Reynolds},
  title     = {Separation Logic: A Logic for Shared Mutable Data Structures},
  booktitle = {LICS},
  year      = {2002},
  pages     = {55-74},
  ee        = {http://doi.ieeecomputersociety.org/10.1109/LICS.2002.1029817},
  crossref  = {DBLP:conf/lics/2002},
  bibsource = {DBLP, http://dblp.uni-trier.de}
}

@article{bornat:var,
  author    = {Richard Bornat and
               Cristiano Calcagno and
               Hongseok Yang},
  title     = {Variables as Resource in Separation Logic},
  journal   = {ENTCS},
  volume    = {155},
  year      = {2006},
  pages     = {247-276},
  ee        = {http://dx.doi.org/10.1016/j.entcs.2005.11.059},
  bibsource = {DBLP, http://dblp.uni-trier.de}
}

@article{appel:fixpoint,
  author={Andrew W. Appel and David McAllester},
  title={An Indexed Model of Recursive Types for Foundational Proof-Carrying Code},
  journal={ACM Transactions on Programming Languages and Systems},
  volume={23(5)},
  pages={657--683},
  year={2001}
}

@inproceedings{hobor:ramification,
  author    = {Aquinas Hobor and
               Jules Villard},
  title     = {The ramifications of sharing in data structures},
  booktitle = {Proceedings of the 40th Annual ACM SIGPLAN-SIGACT Symposium on Principles of Programming Languages (POPL'13)},
  year      = {2013},
  pages     = {523-536},
  ee        = {http://doi.acm.org/10.1145/2429069.2429131},
  crossref  = {DBLP:conf/popl/2013},
  bibsource = {DBLP, http://dblp.uni-trier.de}
}

@PhdThesis{hongseok:phd,
  author = 	 {Hongseok Yang},
  title = 	 {Local Reasoning for Stateful Programs},
  school = 	 {University of Illinois},
  year = 	 {2001}
}

@article{chin:hipsleek,
  author = {Wei Ngan Chin and Cristina David and Huu Hai Nguyen and Shengchao Qin},
  title = {Automated verification of shape, size and bag properties via user-defined predicates in separation logic},
  journal = {Science of Computer Programming},
  volume = {77(9)},
  pages = {1,006--1,036},
  year = {2010}
}

@inproceedings{appel:vmm,
  author="Andrew W. Appel and Paul-Andr\'e Melli\`es and Christopher D. Richards and Jer\^ome Vouillon",
  title="A Very Modal Model of a Modern, Major, General Type System",
  booktitle="Proceedings of the 34th Annual ACM SIGPLAN-SIGACT Symposium on Principles of Programming Languages (POPL'07)",
  pages="109-122",
  year="2007",
  month=jan
}

@book{appel:programlogics,
 author = {Appel, Andrew W. and Dockins, Robert and Hobor, Aquinas and Beringer, Lennart and Dodds, Josiah and Stewart, Gordon and Blazy, Sandrine and Leroy, Xavier},
 title = {Program Logics for Certified Compilers},
 year = {2014},
 isbn = {110704801X, 9781107048010},
 publisher = {Cambridge University Press},
 address = {New York, NY, USA},
}
@article{gonthier2008formal,
  title={Formal proof--the four-color theorem},
  author={Gonthier, Georges},
  journal={Notices of the AMS},
  volume={55},
  number={11},
  pages={1382--1393},
  year={2008}
}

@misc{gonthier2005computer,
  title={A computer-checked proof of the four colour theorem},
  author={Gonthier, Georges},
  year={2005}
}

@article{Noschinski2015,
author="Noschinski, Lars",
title="A Graph Library for Isabelle",
journal="Mathematics in Computer Science",
year="2015",
volume="9",
number="1",
pages="23--39",
abstract="In contrast to other areas of mathematics such as calculus, number theory or probability theory, there is currently no standard library for graph theory for the Isabelle/HOL proof assistant. We present a formalization of directed graphs and essential related concepts. The library supports general infinite directed graphs (digraphs) with labeled and parallel arcs, but care has been taken not to complicate reasoning on more restricted classes of digraphs. We use this library to formalize a characterization of Euler Digraphs and to verify a method of checking Kuratowski subgraphs used in the LEDA library.",
issn="1661-8289",
doi="10.1007/s11786-014-0183-z",
url="http://dx.doi.org/10.1007/s11786-014-0183-z"
}

@article{Dijkstra_Shortest_Path-AFP,
  author  = {Benedikt Nordhoff and Peter Lammich},
  title   = {Dijkstra's Shortest Path Algorithm},
  journal = {Archive of Formal Proofs},
  month   = jan,
  year    = 2012,
  note    = {\url{http://isa-afp.org/entries/Dijkstra_Shortest_Path.shtml},
            Formal proof development},
  ISSN    = {2150-914x},
}

@incollection{chou1994formal,
  title={A formal theory of undirected graphs in higher-order logic},
  author={Chou, Ching-Tsun},
  booktitle={Higher Order Logic Theorem Proving and Its Applications},
  pages={144--157},
  year={1994},
  publisher={Springer}
}

@article{duprat2001coq,
  title={A Coq toolkit for graph theory},
  author={Duprat, Jean},
  journal={Rapport de recherche},
  volume={15},
  year={2001}
}

@techreport{R.W.:1998:PGT:886490,
 author = {R. W., Butler and J. A., Sjogren},
 title = {A PVS Graph Theory Library},
 year = {1998},
 source = {http://www.ncstrl.org:8900/ncstrl/servlet/search?formname=detail\&id=oai%3ALTRS%3ANASA-98-tm206923},
 publisher = {NASA Langley Technical Report Server},
}

@article{nakamura1997euler,
  title={Euler Circuits and Paths},
  author={Nakamura, Yatsuka and Rudnicki, Piotr},
  year={1997}
}

@inproceedings{nipkow2006flyspeck,
  title={Flyspeck i: tame graphs},
  author={Nipkow, Tobias and Bauer, Gertrud and Schultz, Paula},
  booktitle={International Joint Conference on Automated Reasoning},
  pages={21--35},
  year={2006},
  organization={Springer}
}

@phdthesis{noschinski2015formalizing,
  title={Formalizing Graph Theory and Planarity Certificates},
  author={Noschinski, Lars},
  year={2015},
  school={Universit{\"a}t M{\"u}nchen}
}

@inproceedings{dubois2015graphes,
  title={Graphes et couplages en Coq},
  author={Dubois, Catherine and Elloumi, Sourour and Robillard, Benoit and Vincent, Cl{\'e}ment},
  booktitle={Vingt-sixi{\`e}mes Journ{\'e}es Francophones des Langages Applicatifs (JFLA 2015)},
  year={2015}
}

@inproceedings{bauer20025,
  title={The 5 colour theorem in Isabelle/Isar},
  author={Bauer, Gertrud and Nipkow, Tobias},
  booktitle={International Conference on Theorem Proving in Higher Order Logics},
  pages={67--82},
  year={2002},
  organization={Springer}
}

@inproceedings{yamamoto1995formalization,
  title={Formalization of planar graphs},
  author={Yamamoto, Mitsuharu and Nishizaki, Shin-ya and Hagiya, Masami and Toda, Yozo},
  booktitle={International Conference on Theorem Proving in Higher Order Logics},
  pages={369--384},
  year={1995},
  organization={Springer}
}

@inproceedings{yamamoto1998formalization,
  title={Formalization of graph search algorithms and its applications},
  author={Yamamoto, Mitsuharu and Takahashi, Koichi and Hagiya, Masami and Nishizaki, Shin-ya and Tamai, Tetsuo},
  booktitle={International Conference on Theorem Proving in Higher Order Logics},
  pages={479--496},
  year={1998},
  organization={Springer}
}

@article{ridge2005graphs,
  title={Graphs and Trees in Isabelle/HOL},
  author={Ridge, Tom},
  year={2005},
  publisher={Citeseer}
}

@phdthesis{bauer2006formalizing,
  title={Formalizing plane graph theory: towards a formalized proof of the Kepler conjecture.},
  author={Bauer, Gertrud Josefine},
  year={2006},
  school={Technical University Munich}
}

@inproceedings{yamamoto2005abstraction,
  title={Abstraction of graph transformation systems by temporal logic and its verification},
  author={Yamamoto, Mitsuharu and Tanabe, Yoshinori and Takahashi, Koichi and Hagiya, Masami},
  booktitle={Working Conference on Verified Software: Theories, Tools, and Experiments},
  pages={518--527},
  year={2005},
  organization={Springer}
}

@inproceedings{tamai2000formal,
  title={Formal treatment of a family of fixed-point problems on graphs by CafeOBJ},
  author={Tamai, Tetsuo},
  booktitle={Formal Engineering Methods, 2000. ICFEM 2000. Third IEEE International Conference on},
  pages={67--74},
  year={2000},
  organization={IEEE}
}

@inproceedings{wong1991,
author={Wai Wong},
booktitle={HOL Theorem Proving System and Its Applications, 1991., International Workshop on the},
title={A Simple Graph Theory And Its Application In Railway Signaling},
year={1991},
pages={395-409},
keywords={Control systems;Formal specifications;Graph theory;Intelligent networks;Logic;Mathematical model;Mathematics;Rail transportation;Railway engineering;Safety},
doi={10.1109/HOL.1991.596304},
month={Aug},
}

@article{chou1995mechanical,
  title={Mechanical verification of distributed algorithms in higher-order logic},
  author={Chou, C-T},
  journal={The Computer Journal},
  volume={38},
  number={2},
  pages={152--161},
  year={1995},
  publisher={Br Computer Soc}
}

@phdthesis{rouyer1994developpements,
  title={D{\'e}veloppements d'algorithmes dans le calcul des constructions},
  author={Rouyer, Joseph},
  year={1994}
}

@inproceedings{yamamoto1995formalization,
  title={Formalization of planar graphs},
  author={Yamamoto, Mitsuharu and Nishizaki, Shin-ya and Hagiya, Masami and Toda, Yozo},
  booktitle={International Conference on Theorem Proving in Higher Order Logics},
  pages={369--384},
  year={1995},
  organization={Springer}
}
