@article{DBLP:journals/pacmpl/WangCMH19,
  author    = {Shengyi Wang and
               Qinxiang Cao and
               Anshuman Mohan and
               Aquinas Hobor},
  title     = {Certifying graph-manipulating {C} programs via localizations within
               data structures},
  journal   = {{PACMPL}},
  volume    = {3},
  number    = {{OOPSLA}},
  pages     = {171:1--171:30},
  year      = {2019},
  url       = {https://doi.org/10.1145/3360597},
  doi       = {10.1145/3360597},
  timestamp = {Mon, 21 Oct 2019 15:15:21 +0200},
  biburl    = {https://dblp.org/rec/bib/journals/pacmpl/WangCMH19},
  bibsource = {dblp computer science bibliography, https://dblp.org}
}

@misc{amdijkstra,
  title={A Machine-Checked {C} Implementation of Dijkstra's Shortest Path Algorithm (Short Paper)},
  author={Anshuman Mohan, Shengyi Wang and Aquinas Hobor},
  year={2020}
}

@article{DBLP:journals/afp/HaslbeckLB19,
  author    = {Maximilian P. L. Haslbeck and
               Peter Lammich and
               Julian Biendarra},
  title     = {Kruskal's Algorithm for Minimum Spanning Forest},
  journal   = {Arch. Formal Proofs},
  volume    = {2019},
  year      = {2019},
  url       = {https://www.isa-afp.org/entries/Kruskal.html},
  timestamp = {Mon, 25 May 2020 09:13:19 +0200},
  biburl    = {https://dblp.org/rec/journals/afp/HaslbeckLB19.bib},
  bibsource = {dblp computer science bibliography, https://dblp.org}
}

@article{DBLP:journals/corr/abs-1904-01009,
  author    = {Marko C. J. D. van Eekelen and
               Daniil Frumin and
               Herman Geuvers and
               L{\'{e}}on Gondelman and
               Robbert Krebbers and
               Marc Schoolderman and
               Sjaak Smetsers and
               Freek Verbeek and
               Beno{\^{\i}}t Viguier and
               Freek Wiedijk},
  title     = {A benchmark for {C} program verification},
  journal   = {CoRR},
  volume    = {abs/1904.01009},
  year      = {2019},
  url       = {http://arxiv.org/abs/1904.01009},
  archivePrefix = {arXiv},
  eprint    = {1904.01009},
  timestamp = {Wed, 24 Apr 2019 12:21:25 +0200},
  biburl    = {https://dblp.org/rec/journals/corr/abs-1904-01009.bib},
  bibsource = {dblp computer science bibliography, https://dblp.org}
}

@article{DBLP:journals/afp/LammichN19,
  author    = {Peter Lammich and
               Tobias Nipkow},
  title     = {Purely Functional, Simple, and Efficient Implementation of Prim and
               Dijkstra},
  journal   = {Arch. Formal Proofs},
  volume    = {2019},
  year      = {2019},
  url       = {https://www.isa-afp.org/entries/Prim\_Dijkstra\_Simple.html},
  timestamp = {Mon, 25 May 2020 09:13:23 +0200},
  biburl    = {https://dblp.org/rec/journals/afp/LammichN19.bib},
  bibsource = {dblp computer science bibliography, https://dblp.org}
}

@article{klasen2010verifying,
  title={{Verifying Dijkstra's Algorithm with KeY}},
  journal={Diploma Thesis},
  author={Klasen, Volker},
  publisher={Universitat Koblenz-Landau},
  year={2010}
}

@article{DBLP:journals/jlp/Guttmann18,
  author    = {Walter Guttmann},
  title     = {Verifying minimum spanning tree algorithms with Stone relation algebras},
  journal   = {J. Log. Algebraic Methods Program.},
  volume    = {101},
  pages     = {132--150},
  year      = {2018},
  url       = {https://doi.org/10.1016/j.jlamp.2018.09.005},
  doi       = {10.1016/j.jlamp.2018.09.005},
  timestamp = {Sat, 22 Feb 2020 19:18:13 +0100},
  biburl    = {https://dblp.org/rec/journals/jlp/Guttmann18.bib},
  bibsource = {dblp computer science bibliography, https://dblp.org}
}

@inproceedings{DBLP:conf/ictac/Guttmann16,
  author    = {Walter Guttmann},
  editor    = {Augusto Sampaio and
               Farn Wang},
  title     = {Relation-Algebraic Verification of Prim's Minimum Spanning Tree Algorithm},
  booktitle = {Theoretical Aspects of Computing - {ICTAC} 2016 - 13th International
               Colloquium, Taipei, Taiwan, ROC, October 24-31, 2016, Proceedings},
  series    = {Lecture Notes in Computer Science},
  volume    = {9965},
  pages     = {51--68},
  year      = {2016},
  url       = {https://doi.org/10.1007/978-3-319-46750-4\_4},
  doi       = {10.1007/978-3-319-46750-4\_4},
  timestamp = {Tue, 14 May 2019 10:00:38 +0200},
  biburl    = {https://dblp.org/rec/conf/ictac/Guttmann16.bib},
  bibsource = {dblp computer science bibliography, https://dblp.org}
}

@inproceedings{DBLP:conf/esop/KrishnaSW20,
  author    = {Siddharth Krishna and
               Alexander J. Summers and
               Thomas Wies},
  editor    = {Peter M{\"{u}}ller},
  title     = {Local Reasoning for Global Graph Properties},
  booktitle = {Programming Languages and Systems - 29th European Symposium on Programming,
               {ESOP} 2020, Held as Part of the European Joint Conferences on Theory
               and Practice of Software, {ETAPS} 2020, Dublin, Ireland, April 25-30,
               2020, Proceedings},
  series    = {Lecture Notes in Computer Science},
  volume    = {12075},
  pages     = {308--335},
  publisher = {Springer},
  year      = {2020},
  url       = {https://doi.org/10.1007/978-3-030-44914-8\_12},
  doi       = {10.1007/978-3-030-44914-8\_12},
  timestamp = {Mon, 20 Apr 2020 16:36:31 +0200},
  biburl    = {https://dblp.org/rec/conf/esop/KrishnaSW20.bib},
  bibsource = {dblp computer science bibliography, https://dblp.org}
}

@misc{coq,
title={The {C}oq proof assistant},
author={{C}oq development team},
url={https://coq.inria.fr/}, journal={The Coq Proof Assistant}}

@inproceedings{hobor:ramification,
  author    = {Aquinas Hobor and
               Jules Villard},
  title     = {The ramifications of sharing in data structures},
  booktitle = {Proceedings of the 40th Annual ACM SIGPLAN-SIGACT Symposium on Principles of Programming Languages (POPL'13)},
  year      = {2013},
  pages     = {523-536},
  ee        = {http://doi.acm.org/10.1145/2429069.2429131},
  bibsource = {DBLP, http://dblp.uni-trier.de}
}

@book{clrs,
  place={Cambridge, MA},
  title={Introduction to algorithms, 3rd edition},
  publisher={MIT Press and McGraw-Hill},
  author={Cormen, Thomas H. and Leiserson, Charles E. and Rivest, Ronald L. and Stein, Clifford S.},
  year={2009}
}

@book{rozen,
  title={Discrete Mathematics and Its Applications, 7th Edition},
  publisher={McGraw-Hill},
  author={Kenneth H. Rosen},
  year={2012}
}

@book{kepnergilbert,
  title={Graph Algorithms in the Language of Linear Algebra},
  publisher={Society for Industrial and Applied Mathematics},
  author={Kepner, Jeremy; Gilbert, John},
  year={2011}
}

@book{DBLP:books/daglib/0022194,
  author    = {Steven Skiena},
  title     = {The Algorithm Design Manual, Second Edition},
  publisher = {Springer},
  year      = {2008},
  timestamp = {Mon, 15 Jul 2019 16:26:46 +0200},
  biburl    = {https://dblp.org/rec/bib/books/daglib/0022194},
  bibsource = {dblp computer science bibliography, https://dblp.org}
}

@book{robert2002algorithms,
  title={Algorithms in C},
  author={Robert, Sedgewick},
  year={2002},
  publisher={Reading, MA: Addison-Wesley}
}

@book{heineman2008algorithms,
  title={Algorithms in a Nutshell (In a Nutshell (O’Reilly))},
  author={Heineman, G and Pollice, G and Selkow, S},
  year={2008},
  publisher={O’Reilly Media: Springfield, MO, USA}
}

@book{appel:programlogics,
 author = {Appel, Andrew W. and Dockins, Robert and Hobor, Aquinas and Beringer, Lennart and Dodds, Josiah and Stewart, Gordon and Blazy, Sandrine and Leroy, Xavier},
 title = {Program Logics for Certified Compilers},
 year = {2014},
 isbn = {110704801X, 9781107048010},
 publisher = {Cambridge University Press},
 address = {New York, NY, USA},
}

@inproceedings{leroy:compcert,
  author    = {Xavier Leroy},
  title     = {Formal certification of a compiler back-end or: programming a compiler
               with a proof assistant},
  booktitle = {Proceedings of the 33rd {ACM} {SIGPLAN-SIGACT} Symposium on Principles
               of Programming Languages, {POPL} 2006, Charleston, South Carolina,
               USA, January 11-13, 2006},
  pages     = {42--54},
  year      = {2006},
}

@misc{vcmanual,
title={Verifiable {C}},
author={Andrew W. Appel},
url={https://github.com/PrincetonUniversity/VST/raw/master/doc/VC.pdf}
}

@misc{cstring,
title={Formal Verification of a {C}-library for Strings},
author={Artem Starostin}
}

@misc{repo,
title={Codebase}, 
year={2020}, 
url={https://github.com/anshumanmohan/CertiGraph}, 
journal={GitHub}, 
author={Anshuman Mohan and Leow Wei Xiang and Shengyi Wang Aquinas Hobor}}