@article{tarski:fixpoint,
  author={Alfred Tarski},
  title={A lattice-theoretical fixpoint theorem and its applications},
  journal={Pacific {J}ournal of {M}athematics},
  volume={5},
  pages={285--309},
  year={1955}
}

@inproceedings{krebbers:iris,
  author    = {Robbert Krebbers and
               Amin Timany and
               Lars Birkedal},
  title     = {Interactive proofs in higher-order concurrent separation logic},
  booktitle = {Proceedings of the 44th {ACM} {SIGPLAN} Symposium on Principles of
               Programming Languages, {POPL} 2017, Paris, France, January 18-20,
               2017},
  pages     = {205--217},
  year      = {2017},
  url       = {http://dl.acm.org/citation.cfm?id=3009855},
  timestamp = {Tue, 06 Nov 2018 11:07:42 +0100},
  biburl    = {https://dblp.org/rec/bib/conf/popl/KrebbersTB17},
  bibsource = {dblp computer science bibliography, https://dblp.org}
}

@book{beckert:2007,
 author = {Beckert, Bernhard and H\"{a}hnle, Reiner and Schmitt, Peter H.},
 title = {Verification of Object-oriented Software: The KeY Approach},
 year = {2007},
 isbn = {3-540-68977-X, 978-3-540-68977-5},
 publisher = {Springer-Verlag},
 address = {Berlin, Heidelberg},
}

@inproceedings{distefanop08,
  author    = {Dino Distefano and
               Matthew J. Parkinson},
  title     = {jStar: towards practical verification for java},
  booktitle = {Proceedings of the 23rd Annual {ACM} {SIGPLAN} Conference on Object-Oriented
               Programming, Systems, Languages, and Applications, {OOPSLA} 2008,
               October 19-23, 2008, Nashville, TN, {USA}},
  pages     = {213--226},
  year      = {2008},
  url       = {http://doi.acm.org/10.1145/1449764.1449782},
  doi       = {10.1145/1449764.1449782},
  timestamp = {Mon, 27 Oct 2008 11:12:10 +0100},
  biburl    = {http://dblp.uni-trier.de/rec/bib/conf/oopsla/DistefanoP08},
  bibsource = {dblp computer science bibliography, http://dblp.org}
}

@inproceedings{berdine:smallfoot,
  author    = {Josh Berdine and
               Cristiano Calcagno and
               Peter W. O'Hearn},
  title     = {Smallfoot: Modular Automatic Assertion Checking with Separation
               Logic},
  booktitle = {FMCO},
  year      = {2005},
  pages     = {115-137},
  ee        = {http://dx.doi.org/10.1007/11804192_6},
  bibsource = {DBLP, http://dblp.uni-trier.de}
}

@inproceedings{jacobs:verifast,
  author    = {Bart Jacobs and
               Jan Smans and
               Pieter Philippaerts and
               Fr{\'{e}}d{\'{e}}ric Vogels and
               Willem Penninckx and
               Frank Piessens},
  title     = {VeriFast: {A} Powerful, Sound, Predictable, Fast Verifier for {C}
               and Java},
  booktitle = {{NASA} Formal Methods - Third International Symposium, {NFM} 2011,
               Pasadena, CA, USA, April 18-20, 2011. Proceedings},
  pages     = {41--55},
  year      = {2011},
}

@inproceedings{chlipala:bedrock,
  author    = {Adam Chlipala},
  title     = {Mostly-automated verification of low-level programs in computational
               separation logic},
  booktitle = {Proceedings of the 32nd {ACM} {SIGPLAN} Conference on Programming
               Language Design and Implementation, {PLDI} 2011, San Jose, CA, USA,
               June 4-8, 2011},
  pages     = {234--245},
  year      = {2011},
}

@InProceedings{floydlogic,
  author =       {Robert W. Floyd},
  title =        {Assigning meanings to programs},
  booktitle =    {Proceedings of the Symposium on Applied Mathematics},
  volume =       {19},
  pages =        {19--32},
  year =         {1967},
  editor =       {J. T. Schwartz},
  publisher =    {AMS},
}

@inproceedings{leroy:compcert,
  author    = {Xavier Leroy},
  title     = {Formal certification of a compiler back-end or: programming a compiler
               with a proof assistant},
  booktitle = {Proceedings of the 33rd {ACM} {SIGPLAN-SIGACT} Symposium on Principles
               of Programming Languages, {POPL} 2006, Charleston, South Carolina,
               USA, January 11-13, 2006},
  pages     = {42--54},
  year      = {2006},
}

@misc{compcertwebsite,
  title={CompCert},
  url={http://compcert.inria.fr/},
  journal={CompCert},
  author={Leroy, Xavier}
}

@misc{certicoqwebsite,
  title={CertiCoq},
  url={https://www.cs.princeton.edu/~appel/certicoq/},
  journal={CertiCoq},
  year={2017},
  publisher={The Trustees of Princeton University},
  author={Appel, Andrew W}
}

@inproceedings{certicoqpaper,
  title={CertiCoq: A verified compiler for Coq},
  author={Anand, Abhishek and Appel, Andrew and Morrisett, Greg and Paraskevopoulou, Zoe and Pollack, Randy and Belanger, Olivier Savary and Sozeau, Matthieu and Weaver, Matthew},
  booktitle={The Third International Workshop on Coq for Programming Languages (CoqPL)},
  year={2017}
}

@article{blazy:clight,
  author    = {Sandrine Blazy and
               Xavier Leroy},
  title     = {Mechanized Semantics for the Clight Subset of the {C} Language},
  journal   = {J. Autom. Reasoning},
  volume    = {43},
  number    = {3},
  pages     = {263--288},
  year      = {2009},
}

@inproceedings{bengtson:charge,
  author    = {Jesper Bengtson and
               Jonas Braband Jensen and
               Lars Birkedal},
  title     = {Charge! - {A} Framework for Higher-Order Separation Logic in Coq},
  booktitle = {Interactive Theorem Proving - Third International Conference, {ITP}
               2012, Princeton, NJ, USA, August 13-15, 2012. Proceedings},
  pages     = {315--331},
  year      = {2012},
}

@inproceedings{rey02,
  author    = {John C. Reynolds},
  title     = {Separation Logic: A Logic for Shared Mutable Data Structures},
  booktitle = {LICS},
  year      = {2002},
  pages     = {55-74},
  ee        = {http://doi.ieeecomputersociety.org/10.1109/LICS.2002.1029817},
  bibsource = {DBLP, http://dblp.uni-trier.de}
}

@Unpublished{rey-slnotes,
  author = 	 {John C. Reynolds},
  title = 	 {A Short Course on Separation Logic},
  year = 	 {2003},
  note = {\url{http://www.cs.cmu.edu/afs/cs.cmu.edu/project/fox-19/member/jcr/wwwaac2003/notes7.ps}},
  OPTannote = 	 {}
}

@inproceedings{ilya-graphs,
 author = {Sergey, Ilya and Nanevski, Aleksandar and Banerjee, Anindya},
 title = {Mechanized Verification of Fine-grained Concurrent Programs},
 booktitle={PLDI},
 year = {2015},
 pages = {77--87}
}

@book{chlipala:cpdt,
  author    = {Adam Chlipala},
  title     = {Certified Programming with Dependent Types - {A} Pragmatic Introduction
               to the {C}oq Proof Assistant},
  publisher = {{MIT} Press},
  year      = {2013},
  url       = {http://mitpress.mit.edu/books/certified-programming-dependent-types},
  isbn      = {978-0-262-02665-9},
}

@inproceedings{bornat:aliasing04,
  title={Local reasoning, separation and aliasing},
  author={Bornat, R. and Calcagno, C. and Oâ€™Hearn, P.},
  booktitle={SPACE},
  volume={4},
  year={2004}
}

@article{bornat:var,
  author    = {Richard Bornat and
               Cristiano Calcagno and
               Hongseok Yang},
  title     = {Variables as Resource in Separation Logic},
  journal   = {ENTCS},
  volume    = {155},
  year      = {2006},
  pages     = {247-276},
  ee        = {http://dx.doi.org/10.1016/j.entcs.2005.11.059},
  bibsource = {DBLP, http://dblp.uni-trier.de}
}

@article{appel:fixpoint,
  author={Andrew W. Appel and David McAllester},
  title={An Indexed Model of Recursive Types for Foundational Proof-Carrying Code},
  journal={ACM Transactions on Programming Languages and Systems},
  volume={23(5)},
  pages={657--683},
  year={2001}
}

@inproceedings{hobor:ramification,
  author    = {Aquinas Hobor and
               Jules Villard},
  title     = {The ramifications of sharing in data structures},
  booktitle = {Proceedings of the 40th Annual ACM SIGPLAN-SIGACT Symposium on Principles of Programming Languages (POPL'13)},
  year      = {2013},
  pages     = {523-536},
  ee        = {http://doi.acm.org/10.1145/2429069.2429131},
  bibsource = {DBLP, http://dblp.uni-trier.de}
}

@book{clrs,
  place={Cambridge, MA},
  title={Introduction to algorithms, 3rd edition},
  publisher={MIT Press and McGraw-Hill},
  author={Cormen, Thomas H. and Leiserson, Charles E. and Rivest, Ronald L. and Stein, Clifford S.},
  year={2009}
}

@PhdThesis{hongseok:phd,
  author = 	 {Hongseok Yang},
  title = 	 {Local Reasoning for Stateful Programs},
  school = 	 {University of Illinois},
  year = 	 {2001}
}

@article{chin:hipsleek,
  author = {Wei Ngan Chin and Cristina David and Huu Hai Nguyen and Shengchao Qin},
  title = {Automated verification of shape, size and bag properties via user-defined predicates in separation logic},
  journal = {Science of Computer Programming},
  volume = {77(9)},
  pages = {1,006--1,036},
  year = {2010}
}

@inproceedings{nguyenc08,
  author    = {Huu Hai Nguyen and
               Wei{-}Ngan Chin},
  title     = {Enhancing Program Verification with Lemmas},
  booktitle = {Computer Aided Verification, 20th International Conference, {CAV}
               2008, Princeton, NJ, USA, July 7-14, 2008, Proceedings},
  pages     = {355--369},
  year      = {2008},
  url       = {http://dx.doi.org/10.1007/978-3-540-70545-1_34},
  doi       = {10.1007/978-3-540-70545-1_34},
  timestamp = {Tue, 08 Jul 2008 14:46:07 +0200},
  biburl    = {http://dblp.uni-trier.de/rec/bib/conf/cav/NguyenC08},
  bibsource = {dblp computer science bibliography, http://dblp.org}
}

@inproceedings{cakemlgc,
  author    = {Adam Sandberg Ericsson and
               Magnus O. Myreen and
               Johannes {\AA}man Pohjola},
  title     = {A Verified Generational Garbage Collector for CakeML},
  booktitle = {Interactive Theorem Proving - 8th International Conference, {ITP}
               2017, Bras{\'{\i}}lia, Brazil, September 26-29, 2017, Proceedings},
  pages     = {444--461},
  year      = {2017},
  url       = {https://doi.org/10.1007/978-3-319-66107-0\_28},
  doi       = {10.1007/978-3-319-66107-0\_28},
  timestamp = {Fri, 02 Nov 2018 09:45:32 +0100},
  biburl    = {https://dblp.org/rec/bib/conf/itp/EricssonMP17},
  bibsource = {dblp computer science bibliography, https://dblp.org}
}

@inproceedings{appel:vmm,
  author="Andrew W. Appel and Paul-Andr\'e Melli\`es and Christopher D. Richards and Jer\^ome Vouillon",
  title="A Very Modal Model of a Modern, Major, General Type System",
  booktitle="Proceedings of the 34th Annual ACM SIGPLAN-SIGACT Symposium on Principles of Programming Languages (POPL'07)",
  pages="109-122",
  year="2007",
  month=jan
}

@misc{github, 
title={johndoe20190406/RamifyCoq}, url={https://github.com/johndoe20190406/RamifyCoq}, journal={GitHub}, author={johndoe20190406}, year={2019}, month={Apr}}


@book{appel:programlogics,
 author = {Appel, Andrew W. and Dockins, Robert and Hobor, Aquinas and Beringer, Lennart and Dodds, Josiah and Stewart, Gordon and Blazy, Sandrine and Leroy, Xavier},
 title = {Program Logics for Certified Compilers},
 year = {2014},
 isbn = {110704801X, 9781107048010},
 publisher = {Cambridge University Press},
 address = {New York, NY, USA},
}
@article{gonthier2008formal,
  title={Formal proof--the four-color theorem},
  author={Gonthier, Georges},
  journal={Notices of the AMS},
  volume={55},
  number={11},
  pages={1382--1393},
  year={2008}
}

@misc{gonthier2005computer,
  title={A computer-checked proof of the four colour theorem},
  author={Gonthier, Georges},
  year={2005}
}

@article{noschinski2015,
author="Noschinski, Lars",
title="A Graph Library for {I}sabelle",
journal="Mathematics in Computer Science",
year="2015",
volume="9",
number="1",
pages="23--39",
abstract="In contrast to other areas of mathematics such as calculus, number theory or probability theory, there is currently no standard library for graph theory for the Isabelle/HOL proof assistant. We present a formalization of directed graphs and essential related concepts. The library supports general infinite directed graphs (digraphs) with labeled and parallel arcs, but care has been taken not to complicate reasoning on more restricted classes of digraphs. We use this library to formalize a characterization of Euler Digraphs and to verify a method of checking Kuratowski subgraphs used in the LEDA library.",
issn="1661-8289",
doi="10.1007/s11786-014-0183-z",
url="http://dx.doi.org/10.1007/s11786-014-0183-z"
}

@article{dijkstra_shortest_path-afp,
  author  = {Benedikt Nordhoff and Peter Lammich},
  title   = {Dijkstra's Shortest Path Algorithm},
  journal = {Archive of Formal Proofs},
  month   = jan,
  year    = 2012,
  note    = {\url{http://isa-afp.org/entries/Dijkstra_Shortest_Path.shtml},
            Formal proof development},
  ISSN    = {2150-914x},
}

@incollection{chou1994formal,
  title={A formal theory of undirected graphs in higher-order logic},
  author={Chou, Ching-Tsun},
  booktitle={Higher Order Logic Theorem Proving and Its Applications},
  pages={144--157},
  year={1994},
  publisher={Springer}
}

% dummy TODO: remove this and then fix the citation errors that arise
@incollection{blah,
  title={A formal theory of undirected graphs in higher-order logic},
  author={Dummy DummyAuthor},
  booktitle={Higher Order Logic Theorem Proving and Its Applications},
  pages={144--157},
  year={1994},
  publisher={Springer}
}

@article{duprat2001coq,
  title={A Coq toolkit for graph theory},
  author={Duprat, Jean},
  journal={Rapport de recherche},
  volume={15},
  year={2001}
}

@techreport{rwpgt1998,
 author = {R. W., Butler and J. A., Sjogren},
 title = {A PVS Graph Theory Library},
 year = {1998},
 source = {http://www.ncstrl.org:8900/ncstrl/servlet/search?formname=detail\&id=oai%3ALTRS%3ANASA-98-tm206923},
 publisher = {NASA Langley Technical Report Server},
}

@article{nakamura1997euler,
  title={Euler Circuits and Paths},
  author={Nakamura, Yatsuka and Rudnicki, Piotr},
  year={1997}
}

@inproceedings{nipkow2006flyspeck,
  title={Flyspeck i: tame graphs},
  author={Nipkow, Tobias and Bauer, Gertrud and Schultz, Paula},
  booktitle={International Joint Conference on Automated Reasoning},
  pages={21--35},
  year={2006},
  organization={Springer}
}

@phdthesis{noschinski2015formalizing,
  title={Formalizing Graph Theory and Planarity Certificates},
  author={Noschinski, Lars},
  year={2015},
  school={Universit{\"a}t M{\"u}nchen}
}

@inproceedings{dubois2015graphes,
  title={Graphes et couplages en Coq},
  author={Dubois, Catherine and Elloumi, Sourour and Robillard, Benoit and Vincent, Cl{\'e}ment},
  booktitle={Vingt-sixi{\`e}mes Journ{\'e}es Francophones des Langages Applicatifs (JFLA 2015)},
  year={2015}
}

@inproceedings{bauer20025,
  title={The 5 colour theorem in Isabelle/Isar},
  author={Bauer, Gertrud and Nipkow, Tobias},
  booktitle={International Conference on Theorem Proving in Higher Order Logics},
  pages={67--82},
  year={2002},
  organization={Springer}
}

@inproceedings{yamamoto1995formalization,
  title={Formalization of planar graphs},
  author={Yamamoto, Mitsuharu and Nishizaki, Shin-ya and Hagiya, Masami and Toda, Yozo},
  booktitle={International Conference on Theorem Proving in Higher Order Logics},
  pages={369--384},
  year={1995},
  organization={Springer}
}

@inproceedings{yamamoto1998formalization,
  title={Formalization of graph search algorithms and its applications},
  author={Yamamoto, Mitsuharu and Takahashi, Koichi and Hagiya, Masami and Nishizaki, Shin-ya and Tamai, Tetsuo},
  booktitle={International Conference on Theorem Proving in Higher Order Logics},
  pages={479--496},
  year={1998},
  organization={Springer}
}

@article{ridge2005graphs,
  title={Graphs and Trees in Isabelle/HOL},
  author={Ridge, Tom},
  year={2005},
  publisher={Citeseer}
}

@phdthesis{bauer2006formalizing,
  title={Formalizing plane graph theory: towards a formalized proof of the Kepler conjecture.},
  author={Bauer, Gertrud Josefine},
  year={2006},
  school={Technical University Munich}
}

@inproceedings{yamamoto2005abstraction,
  title={Abstraction of graph transformation systems by temporal logic and its verification},
  author={Yamamoto, Mitsuharu and Tanabe, Yoshinori and Takahashi, Koichi and Hagiya, Masami},
  booktitle={Working Conference on Verified Software: Theories, Tools, and Experiments},
  pages={518--527},
  year={2005},
  organization={Springer}
}

@inproceedings{tamai2000formal,
  title={Formal treatment of a family of fixed-point problems on graphs by CafeOBJ},
  author={Tamai, Tetsuo},
  booktitle={Formal Engineering Methods, 2000. ICFEM 2000. Third IEEE International Conference on},
  pages={67--74},
  year={2000},
  organization={IEEE}
}

@inproceedings{wong1991,
author={Wai Wong},
booktitle={HOL Theorem Proving System and Its Applications, 1991., International Workshop on the},
title={A Simple Graph Theory And Its Application In Railway Signaling},
year={1991},
pages={395-409},
keywords={Control systems;Formal specifications;Graph theory;Intelligent networks;Logic;Mathematical model;Mathematics;Rail transportation;Railway engineering;Safety},
doi={10.1109/HOL.1991.596304},
month={Aug},
}

@article{chou1995mechanical,
  title={Mechanical verification of distributed algorithms in higher-order logic},
  author={Chou, C-T},
  journal={The Computer Journal},
  volume={38},
  number={2},
  pages={152--161},
  year={1995},
  publisher={Br Computer Soc}
}

@phdthesis{rouyer1994developpements,
  title={D{\'e}veloppements d'algorithmes dans le calcul des constructions},
  author={Rouyer, Joseph},
  year={1994}
}

@phdthesis{neelthesis,
  title={Verifying Higher-Order Imperative Programs with Higher-Order Separation Logic},
  author={Krishnaswami, Neelakantan R.},
  year={2011}
}

@inproceedings{leino10,
  author    = {K. Rustan M. Leino},
  title     = {Dafny: An Automatic Program Verifier for Functional Correctness},
  booktitle = {Logic for Programming, Artificial Intelligence, and Reasoning - 16th
               International Conference, LPAR-16, Dakar, Senegal, April 25-May 1,
               2010, Revised Selected Papers},
  pages     = {348--370},
  year      = {2010},
  url       = {http://dx.doi.org/10.1007/978-3-642-17511-4_20},
  doi       = {10.1007/978-3-642-17511-4_20},
  timestamp = {Thu, 23 Dec 2010 12:42:49 +0100},
  biburl    = {http://dblp.uni-trier.de/rec/bib/conf/lpar/Leino10},
  bibsource = {dblp computer science bibliography, http://dblp.org}
}

@inproceedings{moura2008,
  author    = {Leonardo Mendon{\c{c}}a de Moura and
               Nikolaj Bj{\o}rner},
  title     = {{Z3:} An Efficient {SMT} Solver},
  booktitle = {Tools and Algorithms for the Construction and Analysis of Systems,
               14th International Conference, {TACAS} 2008, Held as Part of the Joint
               European Conferences on Theory and Practice of Software, {ETAPS} 2008,
               Budapest, Hungary, March 29-April 6, 2008. Proceedings},
  pages     = {337--340},
  year      = {2008},
  url       = {http://dx.doi.org/10.1007/978-3-540-78800-3_24},
  doi       = {10.1007/978-3-540-78800-3_24},
  timestamp = {Thu, 28 May 2015 17:23:18 +0200},
  biburl    = {http://dblp.uni-trier.de/rec/bib/conf/tacas/MouraB08},
  bibsource = {dblp computer science bibliography, http://dblp.org}
}

@inproceedings{gardnerms12,
  author    = {Philippa Gardner and
               Sergio Maffeis and
               Gareth David Smith},
  title     = {Towards a program logic for JavaScript},
  booktitle = {Proceedings of the 39th {ACM} {SIGPLAN-SIGACT} Symposium on Principles
               of Programming Languages, {POPL} 2012, Philadelphia, Pennsylvania,
               USA, January 22-28, 2012},
  pages     = {31--44},
  year      = {2012},
  url       = {http://doi.acm.org/10.1145/2103656.2103663},
  doi       = {10.1145/2103656.2103663},
  timestamp = {Tue, 22 May 2012 15:24:56 +0200},
  biburl    = {http://dblp.uni-trier.de/rec/bib/conf/popl/GardnerMS12},
  bibsource = {dblp computer science bibliography, http://dblp.org}
}

@inproceedings{raadvg15,
  author    = {Azalea Raad and
               Jules Villard and
               Philippa Gardner},
  title     = {CoLoSL: Concurrent Local Subjective Logic},
  booktitle = {Programming Languages and Systems - 24th European Symposium on Programming,
               {ESOP} 2015, Held as Part of the European Joint Conferences on Theory
               and Practice of Software, {ETAPS} 2015, London, UK, April 11-18, 2015.
               Proceedings},
  pages     = {710--735},
  year      = {2015},
  url       = {http://dx.doi.org/10.1007/978-3-662-46669-8_29},
  doi       = {10.1007/978-3-662-46669-8_29},
  timestamp = {Tue, 07 Apr 2015 15:19:02 +0200},
  biburl    = {http://dblp.uni-trier.de/rec/bib/conf/esop/RaadVG15},
  bibsource = {dblp computer science bibliography, http://dblp.org}
}

@book{gcbook,
  title={The garbage collection handbook: the art of automatic memory management},
  author={Jones, Richard and Hosking, Antony and Moss, Eliot},
  year={2016},
  publisher={Chapman and Hall/CRC}
}

@article{gcexample1,
  title={A LISP garbage-collector for virtual-memory computer systems},
  author={Fenichel, Robert R and Yochelson, Jerome C},
  journal={Communications of the ACM},
  volume={12},
  number={11},
  pages={611--612},
  year={1969},
  publisher={ACM}
}

@article{gcexample2,
  title={Automated Verification of Practical Garbage Collectors},
  author={Petrank, Erez and Hawblitzel, Chris},
  journal={Logical Methods in Computer Science},
  volume={6},
  year={2010},
  publisher={Episciences. org}
}

@inproceedings{gcexample3,
  title={A certified framework for compiling and executing garbage-collected languages},
  author={McCreight, Andrew and Chevalier, Tim and Tolmach, Andrew},
  booktitle={ACM Sigplan Notices},
  volume={45},
  number={9},
  pages={273--284},
  year={2010},
  organization={ACM}
}

@inproceedings{gcexample4,
  title={Relaxing safely: verified on-the-fly garbage collection for x86-TSO},
  author={Gammie, Peter and Hosking, Antony L and Engelhardt, Kai},
  booktitle={ACM SIGPLAN Notices},
  volume={50},
  number={6},
  pages={99--109},
  year={2015},
  organization={ACM}
}

@article{gcexample4a,
  title={Schism: fragmentation-tolerant real-time garbage collection},
  author={Pizlo, Filip and Ziarek, Lukasz and Maj, Petr and Hosking, Antony L and Blanton, Ethan and Vitek, Jan},
  journal={ACM Sigplan Notices},
  volume={45},
  number={6},
  pages={146--159},
  year={2010},
  publisher={ACM}
}

@inproceedings{gcexample5,
  title={A general framework for certifying garbage collectors and their mutators},
  author={McCreight, Andrew and Shao, Zhong and Lin, Chunxiao and Li, Long},
  booktitle={ACM SIGPLAN Notices},
  volume={42},
  number={6},
  pages={468--479},
  year={2007},
  organization={ACM}
}

@inproceedings{gcexample6,
  title={Formal derivation of concurrent garbage collectors},
  author={Pavlovic, Dusko and Pepper, Peter and Smith, Douglas R},
  booktitle={International Conference on Mathematics of Program Construction},
  pages={353--376},
  year={2010},
  organization={Springer}
}

@inproceedings{gueneauetal,
  author    = {Arma{\"{e}}l Gu{\'{e}}neau and
               Arthur Chargu{\'{e}}raud and
               Fran{\c{c}}ois Pottier},
  title     = {A Fistful of Dollars: Formalizing Asymptotic Complexity Claims via
               Deductive Program Verification},
  booktitle = {Programming Languages and Systems - 27th European Symposium on Programming,
               {ESOP} 2018, Held as Part of the European Joint Conferences on Theory
               and Practice of Software, {ETAPS} 2018, Thessaloniki, Greece, April
               14-20, 2018, Proceedings},
  pages     = {533--560},
  year      = {2018},
  url       = {https://doi.org/10.1007/978-3-319-89884-1\_19},
  doi       = {10.1007/978-3-319-89884-1\_19},
  timestamp = {Tue, 26 Jun 2018 14:12:43 +0200},
  biburl    = {https://dblp.org/rec/bib/conf/esop/GueneauCP18},
  bibsource = {dblp computer science bibliography, https://dblp.org}
}

@article{charpott,
  author    = {Arthur Chargu{\'{e}}raud and
               Fran{\c{c}}ois Pottier},
  title     = {Verifying the Correctness and Amortized Complexity of a Union-Find
               Implementation in Separation Logic with Time Credits},
  journal   = {J. Autom. Reasoning},
  volume    = {62},
  number    = {3},
  pages     = {331--365},
  year      = {2017},
  url       = {https://doi.org/10.1007/s10817-017-9431-7},
  doi       = {10.1007/s10817-017-9431-7},
  timestamp = {Wed, 27 Feb 2019 18:48:51 +0100},
  biburl    = {https://dblp.org/rec/bib/journals/jar/ChargueraudP19},
  bibsource = {dblp computer science bibliography, https://dblp.org}
}

@inproceedings{nipkow2017,
  title={Verified root-balanced trees},
  author={Nipkow, Tobias},
  booktitle={Asian Symposium on Programming Languages and Systems},
  pages={255--272},
  year={2017},
  organization={Springer}
}

@inproceedings{nipkow2016,
  title={Verified analysis of functional data structures},
  author={Nipkow, Tobias},
  booktitle={1st International Conference on Formal Structures for Computation and Deduction (FSCD 2016)},
  year={2016},
  organization={Schloss Dagstuhl-Leibniz-Zentrum fuer Informatik}
}

@article{others1,
  author    = {Tobias Nipkow and
               Hauke Brinkop},
  title     = {Amortized Complexity Verified},
  journal   = {J. Autom. Reasoning},
  volume    = {62},
  number    = {3},
  pages     = {367--391},
  year      = {2019},
  url       = {https://doi.org/10.1007/s10817-018-9459-3},
  doi       = {10.1007/s10817-018-9459-3},
  timestamp = {Wed, 27 Feb 2019 18:48:51 +0100},
  biburl    = {https://dblp.org/rec/bib/journals/jar/NipkowB19},
  bibsource = {dblp computer science bibliography, https://dblp.org}
}

@article{others2,
  author    = {Ales Bizjak and
               Daniel Gratzer and
               Robbert Krebbers and
               Lars Birkedal},
  title     = {Iron: managing obligations in higher-order concurrent separation logic},
  journal   = {{PACMPL}},
  volume    = {3},
  number    = {{POPL}},
  pages     = {65:1--65:30},
  year      = {2019},
  url       = {https://dl.acm.org/citation.cfm?id=3290378},
  timestamp = {Tue, 22 Jan 2019 15:27:56 +0100},
  biburl    = {https://dblp.org/rec/bib/journals/pacmpl/BizjakGKB19},
  bibsource = {dblp computer science bibliography, https://dblp.org}
}

@inproceedings{others3,
  author    = {Maximilian P. L. Haslbeck and
               Tobias Nipkow},
  title     = {Hoare Logics for Time Bounds - {A} Study in Meta Theory},
  booktitle = {Tools and Algorithms for the Construction and Analysis of Systems
               - 24th International Conference, {TACAS} 2018, Held as Part of the
               European Joint Conferences on Theory and Practice of Software, {ETAPS}
               2018, Thessaloniki, Greece, April 14-20, 2018, Proceedings, Part {I}},
  pages     = {155--171},
  year      = {2018},
  url       = {https://doi.org/10.1007/978-3-319-89960-2\_9},
  doi       = {10.1007/978-3-319-89960-2\_9},
  timestamp = {Tue, 26 Jun 2018 14:11:56 +0200},
  biburl    = {https://dblp.org/rec/bib/conf/tacas/HaslbeckN18},
  bibsource = {dblp computer science bibliography, https://dblp.org}
}

@unpublished{others4,
  TITLE = {{A Toolchain to Produce Correct-by-Construction OCaml Programs}},
  AUTHOR = {Filli{\^a}tre, Jean-Christophe and Gondelman, L{\'e}on and Paskevich, Andrei and Pereira, M{\'a}rio and Melo De Sousa, Sim{\~a}o},
  URL = {https://hal.inria.fr/hal-01783851},
  NOTE = {working paper or preprint},
  YEAR = {2018},
  MONTH = May,
  PDF = {https://hal.inria.fr/hal-01783851/file/main.pdf},
  HAL_ID = {hal-01783851},
  HAL_VERSION = {v1},
}

@article{cheney:gc,
title={A nonrecursive list compacting algorithm}, volume={13}, DOI={10.1145/362790.362798}, number={11}, journal={Communications of the ACM}, author={Cheney, C. J.}, year={1970}, pages={677â€“678}}

@book{realworldocaml, place={Sebastopol, CA}, title={Real World OCaml}, publisher={OReilly}, author={Hickey, Jason and Madhavapeddy, Anil and Minsky, Yaron}, year={2014}}

@misc{leroy_email, title={Re: The dark corners of C light pointer semantics}, journal={Re: The dark corners of C light pointer semantics}, author={Leroy, Xavier}, year={2018}, month={Nov}}
