@inproceedings{leroy:compcert,
  author    = {Xavier Leroy},
  title     = {Formal certification of a compiler back-end or: programming a compiler
               with a proof assistant},
  booktitle = {{POPL} 2006, Charleston, USA, January 11-13},
  pages     = {42--54},
  year      = {2006},
}

@inproceedings{appel:vst,
  author    = {Andrew Appel},
  title     = {Verified Software Toolchain},
  booktitle = {{NFM} 2012, Norfolk, USA, April 3-5},
  pages     = {2},
  year      = {2012},
}

@inproceedings{wang:autoquack,
  author    = {Shengyi Wang and
               Qinxiang Cao and
               Anshuman Mohan and
               Aquinas Hobor},
  title     = {Certifying graph-manipulating {C} programs via localizations within
               data structures},
  booktitle = {{OOPSLA} 2019, Athens, Greece, October 20-25},
  pages     = {pp. 171:1--171:30},
  year      = {2019}
}

@book{clrs,
  author    = {Thomas Cormen and
               Charles Leiserson and
               Ronald Rivest and
               Clifford Stein},
  title     = {Introduction to Algorithms},
  publisher = {{MIT} Press},
  year      = {2009}
}